@article{salayma2017wireless,
	title={Wireless body area network (WBAN): a survey on reliability, fault tolerance, and technologies coexistence},
	author={Salayma, Marwa and Al-Dubai, Ahmed and Romdhani, Imed and Nasser, Youssef},
	journal={ACM Computing Surveys (CSUR)},
	volume={50},
	number={1},
	pages={3},
	year={2017},
	publisher={ACM}
}


@inproceedings{li2009performance,
  title={Performance evaluation of IEEE 802.15. 4 for wireless body area network (WBAN)},
  author={Li, Changle and Li, H-B and Kohno, Ryuji},
  booktitle={2009 IEEE International conference on communications workshops},
  pages={1--5},
  year={2009},
  organization={IEEE}
}

@inproceedings{kwak2010overview,
  title={An overview of IEEE 802.15. 6 standard},
  author={Kwak, Kyung Sup and Ullah, Sana and Ullah, Niamat},
  booktitle={2010 3rd International Symposium on Applied Sciences in Biomedical and Communication Technologies (ISABEL 2010)},
  pages={1--6},
  year={2010},
  organization={IEEE}
}

@article{ullah2013review,
  title={A review of IEEE 802.15. 6 MAC, PHY, and security specifications},
  author={Ullah, Sana and Mohaisen, Manar and Alnuem, Mohammed A},
  journal={International Journal of Distributed Sensor Networks},
  volume={9},
  number={4},
  pages={950704},
  year={2013},
  publisher={SAGE Publications Sage UK: London, England}
}

@inproceedings{nabila2019qos,
  title={A QoS based comparative analysis of the IEEE standards 802.15. 4 \& 802.15. 6 in WBAN-based healthcare monitoring systems},
  author={Nabila, Azdad and others},
  booktitle={2019 International Conference on Wireless Technologies, Embedded and Intelligent Systems (WITS)},
  pages={1--5},
  year={2019},
  organization={IEEE}
}

@inproceedings{toumanari2014performance,
  title={Performance analysis of IEEE 802.15. 6 and IEEE 802.15. 4 for wireless body sensor networks},
  author={Toumanari, Ahmed and Latif, Rachid and others},
  booktitle={2014 International Conference on Multimedia Computing and Systems (ICMCS)},
  pages={910--915},
  year={2014},
  organization={IEEE}
}

@article{cao2009enabling,
	title={Enabling technologies for wireless body area networks: A survey and outlook},
	author={Cao, Huasong and Leung, Victor and Chow, Cupid and Chan, Henry},
	journal={IEEE Communications Magazine},
	volume={47},
	number={12},
	pages={84--93},
	year={2009},
	publisher={Citeseer}
}

@article{li2010data,
	title={Data security and privacy in wireless body area networks},
	author={Li, Ming and Lou, Wenjing and Ren, Kui},
	journal={IEEE Wireless communications},
	volume={17},
	number={1},
	pages={51--58},
	year={2010},
	publisher={IEEE}
}
